@inproceedings{example,
	author =	"Baraff, D",
	title =		"Curved Surfaces and Coherence for Non-penetrating
			 Rigid Body Simulation",
	booktitle =	"SIGGRAPH '90 Proceedings",
	pages =		"19--28",
	editor =	"Beach, R. J.",
	address =	"Dallas, Texas",
	organization =	"ACM",
	publisher =	"Addison-Wesley",
	year =		1990}

@article{example,
	author =	"Ssss Itoh and Nnnn Goto",
	title =		"An Adaptive Noiseless Coding for Sources with Big
			 Alphabet Size",
	journal =	"Trans. IEICE",
	volume =	"E74",
	number =	9,
	pages =		"2495--2503",
	year =		1991,
	month =		sep}


@inproceedings{jsRefac,
    author = "Selakovic, Marija and Pradel, Michael",
    title = "Performance issues and optimizations in JavaScript: an empirical study",
    booktitle = "Proceedings of the 38th International Conference on Software Engineering",
    pages = "61–72",
    address = "New York, NY, USA",
    publisher = "Association for Computing Machinery",
    year = 2016
}

@article{complicate,
    author = "Traini, Luca and Di Pompeo, Daniele and Tucci, Michele and Lin, Bin and Scalabrino, Simone and Bavota, Gabriele and Lanza, Michele and Oliveto, Rocco and Cortellessa, Vittorio",
    title = "How Software Refactoring Impacts Execution Time",
    journal = "ACM Trans. Softw. Eng. Methodol.",
    volume = "31",
    number = 2,
    numpages = "23",
    year = 2021,
    month = dec
}

@article{negative,
  author = "Zhao, Yutong and Xiao, Lu and Bondi, Andre B. and Chen, Bihuan and Liu, Yang",
  title = "A Large-Scale Empirical Study of Real-Life Performance Issues in Open Source Projects", 
  journal = "IEEE Transactions on Software Engineering", 
  volume = "49",
  number = 2,
  pages = "924--946",
  year = 2023,
}

@inproceedings{omori,
    author = "大森 楓己 and 伊原 彰紀 and 柏 祐太郎",
    title = "マイクロベンチマーク共有サービスを用いた実行高速化のための自動リファクタリングへの試み",
    booktitle = "情報処理学会研究報告",
    year = 2024
}

@inproceedings{gumtree,
  author    = "Jean{-}R{\'{e}}my Falleri and Flor{\'{e}}al Morandat and Xavier Blanc and Matias Martinez and Martin Monperrus",
  title     = "Fine-grained and accurate source code differencing",
  booktitle = "{ACM/IEEE} International Conference on Automated Software Engineering,
               {ASE} '14",
  pages     = "313--324",
  year      = 2014,
}

