@inproceedings{HowFar,
author = {Kang, Hong Jin and Aw, Khai Loong and Lo, David},
title = {Detecting False Alarms from Automatic Static Analysis Tools: How Far Are We?},
year = {2022},
isbn = {9781450392211},
publisher = {Association for Computing Machinery},
address = {New York, NY, USA},
url = {https://doi.org/10.1145/3510003.3510214},
doi = {10.1145/3510003.3510214},
booktitle = {Proceedings of the 44th International Conference on Software Engineering},
pages = {698–709},
numpages = {12},
keywords = {data duplication, false alarms, data leakage, static analysis},
location = {Pittsburgh, Pennsylvania},
series = {ICSE '22}
}

@inproceedings{shuseisarenai,
  title={Why don't software developers use static analysis tools to find bugs?},
  author={Johnson, Brittany and Song, Yoonki and Murphy-Hill, Emerson and Bowdidge, Robert},
  booktitle={2013 35th International Conference on Software Engineering (ICSE)},
  pages={672--681},
  year={2013},
  organization={IEEE}
}

@inproceedings{JyuraiPre,
author = {Ruthruff, Joseph R. and Penix, John and Morgenthaler, J. David and Elbaum, Sebastian and Rothermel, Gregg},
title = {Predicting Accurate and Actionable Static Analysis Warnings: An Experimental Approach},
year = {2008},
isbn = {9781605580791},
publisher = {Association for Computing Machinery},
address = {New York, NY, USA},
url = {https://doi.org/10.1145/1368088.1368135},
doi = {10.1145/1368088.1368135},
booktitle = {Proceedings of the 30th International Conference on Software Engineering},
pages = {341–350},
numpages = {10},
keywords = {software quality, screening, experimental program analysis, static analysis tools, logistic regression analysis},
location = {Leipzig, Germany},
series = {ICSE '08}
}

@article{UsingStaticAnalysisTools1,
  title={How developers engage with static analysis tools in different contexts},
  author={Vassallo, Carmine and Panichella, Sebastiano and Palomba, Fabio and Proksch, Sebastian and Gall, Harald C and Zaidman, Andy},
  journal={Empirical Software Engineering},
  volume={25},
  pages={1419--1457},
  year={2020},
  publisher={Springer}
}

@inproceedings{UsingStaticAnalysisTools2,
  title={Analyzing the state of static analysis: A large-scale evaluation in open source software},
  author={Beller, Moritz and Bholanath, Radjino and McIntosh, Shane and Zaidman, Andy},
  booktitle={2016 IEEE 23rd International Conference on Software Analysis, Evolution, and Reengineering (SANER)},
  volume={1},
  pages={470--481},
  year={2016},
  organization={IEEE}
}

@inproceedings{beizu,
author = {Kim, Hyunsu and Raghothaman, Mukund and Heo, Kihong},
title = {Learning Probabilistic Models for Static Analysis Alarms},
year = {2022},
isbn = {9781450392211},
publisher = {Association for Computing Machinery},
address = {New York, NY, USA},
url = {https://doi.org/10.1145/3510003.3510098},
doi = {10.1145/3510003.3510098},
pages = {1282–1293},
numpages = {12},
location = {Pittsburgh, Pennsylvania},
series = {ICSE '22}
}

@inproceedings{EffectsSAT,
author = {Trautsch, Alexander},
title = {Effects of Automated Static Analysis Tools: A Multidimensional View on Quality Evolution},
year = {2019},
publisher = {IEEE Press},
url = {https://doi.org/10.1109/ICSE-Companion.2019.00075},
doi = {10.1109/ICSE-Companion.2019.00075},
booktitle = {Proceedings of the 41st International Conference on Software Engineering: Companion Proceedings},
pages = {184–185},
numpages = {2},
keywords = {software quality, static code analysis, software metrics, quality evolution},
location = {Montreal, Quebec, Canada},
series = {ICSE '19}
}