@InProceedings{quality1,
    author    = {Bacchelli, Alberto and Bird, Christian},
    booktitle = {Proceedings of the International Conference on Software Engineering (ICSE'13)},
    title     = {Expectations, Outcomes, and Challenges of Modern Code Review},
    year      = {2013},
    pages     = {712–721},
    isbn      = {9781467330763},
}

@InProceedings{quality2,
    author    = {McIntosh, Shane and Kamei, Yasutaka and Adams, Bram and Hassan, Ahmed E.},
    booktitle = {Proceedings of the 11th Working Conference on Mining Software Repositories (MSR'14)},
    title     = {The Impact of Code Review Coverage and Code Review Participation on Software Quality: A Case Study of the Qt, VTK, and ITK Projects},
    year      = {2014},
    pages     = {192–201},
}

@inproceedings{review_process,
    author = {Rigby, Peter C. and Bird, Christian},
    booktitle = {Proceedings of the 2013 9th Joint Meeting on Foundations of Software Engineering (ESEC/FSE'13)},
    title = {Convergent contemporary software peer review practices},
    year = {2013},
    pages = {202–212},
}

@inproceedings{review_time,
    author = {Kudrjavets, Gunnar and Kumar, Aditya and Nagappan, Nachiappan and Rastogi, Ayushi},
    title = {Mining code review data to understand waiting times between acceptance and merging: an empirical analysis},
    year = {2022}
}

@InProceedings{code_review,
    author    = {Bacchelli, Alberto and Bird, Christian},
    booktitle = {Proceedings of the International Conference on Software Engineering (ICSE'13)},
    title     = {Expectations, Outcomes, and Challenges of Modern Code Review},
    year      = {2013},
    pages     = {712–721},
}

@inproceedings{release_merge,
    author = {Kononenko, Oleksii and Rose, Tresa and Baysal, Olga and Godfrey, Michael and Theisen, Dennis and de Water, Bart},
    booktitle = {Proceedings of the 40th International Conference on Software Engineering: Software Engineering in Practice (ICSE-SEIP '18)},
    title = {Studying pull request merges: a case study of shopify's active merchant},
    year = {2018},
    pages = {124–133},
}

@inproceedings{integrator,
    author = {Gousios, Georgios and Zaidman, Andy and Storey, Margaret-Anne and van Deursen, Arie},
    booktitle = {Proceedings of the 37th International Conference on Software Engineering - Volume 1 (ICSE'15)},
    title = {Work practices and challenges in pull-based development: the integrator's perspective},
    year = {2015},
    pages = {358–368},
}

@inproceedings{review_prioritize_pineapple,
    author = {Saini, Nishrith and Britto, Ricardo},
    booktitle = {Proceedings of the 43rd International Conference on Software Engineering: Software Engineering in Practice (ICSE-SEIP '21)},
    title = {Using machine intelligence to prioritise code review requests},
    year = {2021},
    pages = {11–20},
}

@inproceedings{estimate_time1,
    author = {Maddila, Chandra and Bansal, Chetan and Nagappan, Nachiappan},
    title = {Predicting pull request completion time: a case study on large scale cloud services},
    year = {2019}
}

@inproceedings{estimate_time2,
    author = {Maddila, Chandra and Upadrasta, Sai Surya and Bansal, Chetan and Nagappan, Nachiappan and Gousios, Georgios and van Deursen, Arie},
    title = {Nudge: Accelerating Overdue Pull Requests toward Completion},
    journal = {ACM Trans. Softw. Eng. Methodol.},
    month = {mar},
    articleno = {35},
    numpages = {30},
    year = {2023}
}

@inproceedings{estimate_time3,
    author = {Moataz Chouchen, Ali Ouni,  Jefferson Olongo, Mohamed Wiem Mkaouer },
    title = {Learning to Predict Code Review Completion Time In Modern Code Review},
    year = {2023}
}

@inproceedings{estimate_time4,
    author = {e Silva, Jonathan Messias and de Lima J\'{u}nior, Manoel Limeira},
    title = {Prediction of Pull Requests Review Time in Open Source Projects},
    booktitle = {Proceedings of the XX Brazilian Symposium on Software Quality},
    year = {2021}
}

@articles{estimate_time5,
    author = {de Lima J\'{u}nior, Manoel Limeira and Soares, Daric\'{e}lio and Plastino, Alexandre and Murta, Leonardo},
    title = {Predicting the Lifetime of Pull Requests in Open-Source Projects},
    journal = {Journal of Software: Evolution and Process},
    year = {2021},
}

@articles{review_time1,
    author = {Hirao, Toshiki and McIntosh, Shane and Ihara, Akinori and Matsumoto, Kenichi},
    title = {Code Reviews With Divergent Review Scores: An Empirical Study of the OpenStack and Qt Communities},
    journal = {IEEE Trans. Softw. Eng.},
    year = {2022},
}

@article{review_time2,
  title={Understanding Developer Commenting in Code Reviews},
  author={Toshiki Hirao and Raula Gaikovina Kula and Akinori Ihara and Ken-ichi Matsumoto},
  journal={IEICE Trans. Inf. Syst.},
  year={2019},
}