% Encoding: UTF-8

@inproceedings{devreplay, 
    author={Ueda, Yuki and Ishio, Takashi and Ihara, Akinori and Matsumoto, Kenichi},
    booktitle={2019 IEEE 13th International Workshop on Software Clones (IWSC)}, 
    title={Mining Source Code Improvement Patterns from Similar Code Review Works}, 
    year={2019},
    volume={},
    number={},
    pages={13-19}
}


@inproceedings{idiom,
author = {Zhang, Zejun and Xing, Zhenchang and Xia, Xin and Xu, Xiwei and Zhu, Liming},
title = {Making Python code idiomatic by automatic refactoring non-idiomatic Python code with pythonic idioms},
year = {2022},
booktitle = {Proceedings of the 30th ACM Joint European Software Engineering Conference and Symposium on the Foundations of Software Engineering},
pages = {696–708},
numpages = {13},
series = {ESEC/FSE 2022}
}

@inproceedings{EffectsSAT,
author = {Trautsch, Alexander},
title = {Effects of Automated Static Analysis Tools: A Multidimensional View on Quality Evolution},
year = {2019},
booktitle = {Proceedings of the 41st International Conference on Software Engineering (ICSE'19)},
pages = {184–185},
}

@inproceedings{reviewcost,
author = {Rigby, Peter C. and Storey, Margaret-Anne},
title = {Understanding broadcast based peer review on open source software projects},
year = {2011},
booktitle = {Proceedings of the 33rd International Conference on Software Engineering},
pages = {541–550},
numpages = {10},
series = {ICSE '11}
}

@INPROCEEDINGS{prefixspan,
  author={Jian Pei and Jiawei Han and Mortazavi-Asl, B. and Pinto, H. and Qiming Chen and Dayal, U. and Mei-Chun Hsu},
  booktitle={Proceedings 17th International Conference on Data Engineering}, 
  title={PrefixSpan,: mining sequential patterns efficiently by prefix-projected pattern growth}, 
  year={2001},
  volume={},
  number={},
  pages={215-224},
}

@inproceedings{reviewcost2,
author = {Tufano, Rosalia and Pascarella, Luca and Tufano, Michele and Poshyvanyk, Denys and Bavota, Gabriele},
title = {Towards Automating Code Review Activities},
year = {2021},
booktitle = {Proceedings of the 43rd International Conference on Software Engineering},
pages = {163–174},
numpages = {12},
series = {ICSE '21}
}

@INPROCEEDINGS{AutomaticPatch,
  author={Kim, Dongsun and Nam, Jaechang and Song, Jaewoo and Kim, Sunghun},
  booktitle={2013 35th International Conference on Software Engineering (ICSE)}, 
  title={Automatic patch generation learned from human-written patches}, 
  year={2013},
  volume={},
  number={},
  pages={802-811},
}

@article{findBugs,
author = {Hovemeyer, David and Pugh, William},
title = {Finding bugs is easy},
year = {2004},
volume = {39},
number = {12},
journal = {SIGPLAN Not.},
pages = {92–106},
numpages = {15}
}

@INPROCEEDINGS{costdown,
  author={Calero, Coral and Bertoa, Manuel F. and Moraga, Ma Ángeles},
  booktitle={2013 2nd International Workshop on Green and Sustainable Software (GREENS)}, 
  title={A systematic literature review for software sustainability measures}, 
  year={2013},
  volume={},
  number={},
  pages={46-53},
}

@article{ueda2020,
  title={コードレビュー作業において頻繁に修正されるソースコード改善内容の分析},
  author={上田 裕己 and 石尾 隆 and 伊原 彰紀 and 松本 健一},
  journal={コンピュータ ソフトウェア},
  volume={37},
  number={2},
  pages={2_76-2_85},
  year={2020},
}

@inproceedings{Automatingcodereview,
author = {Li, Zhiyu and Lu, Shuai and Guo, Daya and Duan, Nan and Jannu, Shailesh and Jenks, Grant and Majumder, Deep and Green, Jared and Svyatkovskiy, Alexey and Fu, Shengyu and Sundaresan, Neel},
title = {Automating code review activities by large-scale pre-training},
year = {2022},
booktitle = {Proceedings of the 30th ACM Joint European Software Engineering Conference and Symposium on the Foundations of Software Engineering},
pages = {1035–1047},
numpages = {13},
series = {ESEC/FSE 2022}
}

@inproceedings{towardsImproving,
author = {Turzo, Asif Kamal},
title = {Towards Improving Code Review Effectiveness Through Task Automation},
year = {2023},
booktitle = {Proceedings of the 37th IEEE/ACM International Conference on Automated Software Engineering},
articleno = {128},
numpages = {5},
series = {ASE '22}
}

@INPROCEEDINGS{Relntancer,
  author={Hong, Shuai and Zhang, Yang and Li, Chaoshuai and Bai, Yu},
  booktitle={2022 IEEE/ACM 44th International Conference on Software Engineering: Companion Proceedings (ICSE-Companion)}, 
  title={ReInstancer: Automatically Refactoring for Instanceof Pattern Matching}, 
  year={2022},
  volume={},
  number={},
  pages={183-187},
}

@INPROCEEDINGS{don'tDIY,
  author={Rózsa, Balázs and Antal, Gábor and Ferenc, Rudolf},
  booktitle={2022 IEEE 22nd International Working Conference on Source Code Analysis and Manipulation (SCAM)}, 
  title={Don't DIY: Automatically transform legacy Python code to support structural pattern matching}, 
  year={2022},
  volume={},
  number={},
  pages={164-169}
}

@INPROCEEDINGS{AnalysisoftheTools,
  author={Nikolić, Danilo and Stefanović, Darko and Dakić, Dušanka and Sladojević, Srđan and Ristić, Sonja},
  booktitle={2021 20th International Symposium INFOTEH-JAHORINA (INFOTEH)}, 
  title={Analysis of the Tools for Static Code Analysis}, 
  year={2021},
  volume={},
  number={},
  pages={1-6}
}

@inproceedings{freespan,
author = {Han, Jiawei and Pei, Jian and Mortazavi-Asl, Behzad and Chen, Qiming and Dayal, Umeshwar and Hsu, Mei-Chun},
title = {FreeSpan: frequent pattern-projected sequential pattern mining},
year = {2000},
booktitle = {Proceedings of the Sixth ACM SIGKDD International Conference on Knowledge Discovery and Data Mining},
pages = {355–359},
numpages = {5},
series = {KDD '00}
}

@INPROCEEDINGS{Miningcodingpattern,
  author={Ishio, Takashi and Date, Hironori and Miyake, Tatsuya and Inoue, Katsuro},
  booktitle={2008 15th Working Conference on Reverse Engineering}, 
  title={Mining Coding Patterns to Detect Crosscutting Concerns in Java Programs}, 
  year={2008},
  volume={},
  number={},
  pages={123-132}
}