@inproceedings{Understanding,
  title={Understanding recurring quality problems and their impact on code sharing in block-based software},
  author={Techapalokul, Peeratham and Tilevich, Eli},
  booktitle={2017 IEEE Symposium on Visual Languages and Human-Centric Computing (VL/HCC)},
  pages={43--51},
  year={2017},
  organization={IEEE}
}

@inproceedings{techapalokul2019code,
  title={Code quality improvement for all: Automated refactoring for Scratch},
  author={Techapalokul, Peeratham and Tilevich, Eli},
  booktitle={2019 IEEE Symposium on Visual Languages and Human-Centric Computing (VL/HCC)},
  pages={117--125},
  year={2019},
  organization={IEEE}
}