@book{fose2023,
	editor = {吉田 則裕 and 槇原 絵里奈},
	yomi = {yoshida},
	title = "ソフトウェア工学の基礎30,日本ソフトウェア科学会{\em FOSE2023} (to appear)",
	publisher = {近代科学社},
	year = 2023,
}

@article{maekawa_matsuda,
	author = {松田 和輝 and 伊原 彰紀 and 才木 一也},
	title = "ライブラリのテストケース変更に基づく後方互換性の実証的分析 {\em FOSE2021}",
	pages = {139 -- 144},
	year = 2021,
}