% Encoding: UTF-8

@Book{license,
  author    = {Laurent, Andrew M. St.},
  publisher = {O'Reilly Media, Inc.},
  title     = {Understanding Open Source and Free Software Licensing},
  year      = {2004},
}

@InProceedings{quality1,
  author    = {Bacchelli, Alberto and Bird, Christian},
  booktitle = {Proceedings of the International Conference on Software Engineering (ICSE'13)},
  title     = {Expectations, Outcomes, and Challenges of Modern Code Review},
  year      = {2013},
  pages     = {712–721},
  isbn      = {9781467330763},
}

@InProceedings{quality2,
  author    = {McIntosh, Shane and Kamei, Yasutaka and Adams, Bram and Hassan, Ahmed E.},
  booktitle = {Proceedings of the 11th Working Conference on Mining Software Repositories (MSR'14)},
  title     = {The Impact of Code Review Coverage and Code Review Participation on Software Quality: A Case Study of the Qt, VTK, and ITK Projects},
  year      = {2014},
  pages     = {192–201},
}

@InProceedings{prioritizer,
  author    = {van der Veen, Erik and Gousios, Georgios and Zaidman, Andy},
  booktitle = {Proceedings of the 12th Working Conference on Mining Software Repositories (MSR'15)},
  title     = {Automatically Prioritizing Pull Requests},
  year      = {2015},
  pages     = {357–361},
}

@InProceedings{review1,
  author    = {Bosu, Amiangshu and Carver, Jeffrey C.},
  booktitle = {Proceedings of the 8th ACM/IEEE International Symposium on Empirical Software Engineering and Measurement (ESEM'14)},
  title     = {Impact of Developer Reputation on Code Review Outcomes in OSS Projects: An Empirical Investigation},
  year      = {2014},
}

@InProceedings{review2,
  author    = {Rigby, Peter C. and Bird, Christian},
  booktitle = {Proceedings of the 2013 9th Joint Meeting on Foundations of Software Engineering (ESEC/FSE'13)},
  title     = {Convergent Contemporary Software Peer Review Practices},
  year      = {2013},
  pages     = {202–212},
}

@InProceedings{diff,
  author    = {Wei\ss{}gerber, Peter and Neu, Daniel and Diehl, Stephan},
  booktitle = {Proceedings of the 2008 International Working Conference on Mining Software Repositories},
  title     = {Small Patches Get In!},
  year      = {2008},
  pages     = {67–76},
}

@Article{randomforest,
  author  = {Breiman, Leo},
  journal = {Machine Learning},
  title   = {Random Forests},
  year    = {2001},
  number  = {1},
  pages   = {5–32},
  volume  = {45},
}

@Article{cost,
  author  = {Abdel-Hamid, Tarek K.},
  journal = {MIS Quarterly},
  title   = {The Economics of Software Quality Assurance: A Simulation-Based Case Study},
  year    = {1988},
  number  = {3},
  pages   = {395–411},
  volume  = {12},
}

@Comment{jabref-meta: databaseType:bibtex;}
