% Encoding: UTF-8
@inproceedings{mcintosh2014impact,
  title={The impact of code review coverage and code review participation on software quality: A case study of the qt, vtk, and itk projects},
  author={McIntosh, Shane and Kamei, Yasutaka and Adams, Bram and Hassan, Ahmed E},
  booktitle={Proceedings of the 11th working conference on mining software repositories},
  pages={192--201},
  year={2014}
}

@inproceedings{rigby2013convergent,
  title={Convergent contemporary software peer review practices},
  author={Rigby, Peter C and Bird, Christian},
  booktitle={Proceedings of the 2013 9th joint meeting on foundations of software engineering},
  pages={202--212},
  year={2013}
}

@inproceedings{tufano2022using,
  title={Using pre-trained models to boost code review automation},
  author={Tufano, Rosalia and Masiero, Simone and Mastropaolo, Antonio and Pascarella, Luca and Poshyvanyk, Denys and Bavota, Gabriele},
  booktitle={Proceedings of the 44th international conference on software engineering},
  pages={2291--2302},
  year={2022}
}

@inproceedings{bacchelli2013expectations,
  title={Expectations, outcomes, and challenges of modern code review},
  author={Bacchelli, Alberto and Bird, Christian},
  booktitle={2013 35th International Conference on Software Engineering (ICSE)},
  pages={712--721},
  year={2013},
  organization={IEEE}
}

@INPROCEEDINGS{7081824,
  author={Thongtanunam, Patanamon and Tantithamthavorn, Chakkrit and Kula, Raula Gaikovina and Yoshida, Norihiro and Iida, Hajimu and Matsumoto, Ken-ichi},
  booktitle={2015 IEEE 22nd International Conference on Software Analysis, Evolution, and Reengineering (SANER)}, 
  title={Who should review my code? A file location-based code-reviewer recommendation approach for Modern Code Review}, 
  year={2015},
  volume={},
  number={},
  pages={141-150},
  keywords={Androids;Humanoid robots;Open source software;Software systems;Manuals;History;Distributed Software Development;Modern Code Review;Code-Reviewer Recommendation},
  doi={10.1109/SANER.2015.7081824}}

@article{ren2020codebleu,
  title={Codebleu: a method for automatic evaluation of code synthesis},
  author={Ren, Shuo and Guo, Daya and Lu, Shuai and Zhou, Long and Liu, Shujie and Tang, Duyu and Sundaresan, Neel and Zhou, Ming and Blanco, Ambrosio and Ma, Shuai},
  journal={arXiv preprint arXiv:2009.10297},
  year={2020}
}

@inproceedings{papineni2002bleu,
  title={Bleu: a method for automatic evaluation of machine translation},
  author={Papineni, Kishore and Roukos, Salim and Ward, Todd and Zhu, Wei-Jing},
  booktitle={Proceedings of the 40th annual meeting of the Association for Computational Linguistics},
  pages={311--318},
  year={2002}
}

@inproceedings{DBLP:conf/kbse/FalleriMBMM14,
  author    = {Jean{-}R{\'{e}}my Falleri and
               Flor{\'{e}}al Morandat and
               Xavier Blanc and
               Matias Martinez and
               Martin Monperrus},
  title     = {Fine-grained and accurate source code differencing},
  booktitle = {{ACM/IEEE} International Conference on Automated Software Engineering,
               {ASE} '14, Vasteras, Sweden - September 15 - 19, 2014},
  pages     = {313--324},
  year      = {2014},
  url       = {http://doi.acm.org/10.1145/2642937.2642982},
  doi       = {10.1145/2642937.2642982}
}

@article{Berger2019On,
title={On the Impact of Programming Languages on Code Quality},
author={E. Berger and Celeste Hollenbeck and Petr Maj and O. Vitek and J. Vitek},
journal={ACM Transactions on Programming Languages and Systems (TOPLAS)},
year={2019},
volume={41},
pages={1 - 24},
doi={10.1145/3340571}
}

@article{Vable2021Code,title={Code Review as a Simple Trick to Enhance Reproducibility, Accelerate Learning, and Improve the Quality of Your Team's Research.},author={Anusha M Vable and Scott F Diehl and M. M. Glymour},journal={American journal of epidemiology},year={2021},doi={10.1093/aje/kwab092}}

@inproceedings{bacchelli2013expectations,
  title={Expectations, outcomes, and challenges of modern code review},
  author={Bacchelli, Alberto and Bird, Christian},
  booktitle={2013 35th International Conference on Software Engineering (ICSE)},
  pages={712--721},
  year={2013},
  organization={IEEE}
}