@article{FOSE2021_Matsuda,
  title={ライブラリのテストケース変更に基づく後方互換性の実証的分析},
  author={松田 和輝 and 伊原 彰紀 and 才木 一也},
  journal={ソフトウェア工学の基礎ワークショップ論文集},
  volume={28},
  pages={139-144},
  year={2021},
  doi={10.11309/fose.28.0_139}
}