% Encoding: UTF-8

@article{article1,
    author = {Miroslaw Ochodek, Regina Hebig, Wilhelm Meding, Gert Frost, Miroslaw Staron},
    title =	 {Recognizing lines of code violating company-specific coding guidelines using machine learning},
    pages =	 {220-265},
    year =	 {2020}
}