% Encoding: UTF-8

@inproceedings{Falleri_2014,
author = {Falleri, Jean-R\'{e}my and Morandat, Flor\'{e}al and Blanc, Xavier and Martinez, Matias and Monperrus, Martin},
title = {Fine-grained and accurate source code differencing},
year = {2014},
booktitle = {Proceedings of the 29th ACM/IEEE International Conference on Automated Software Engineering},
pages = {313–324},
series = {ASE '14}
}

@inproceedings{Gong_2015,
author = {Gong, Liang and Pradel, Michael and Sen, Koushik},
title = {JITProf: pinpointing JIT-unfriendly JavaScript code},
year = {2015},
booktitle = {Proceedings of the 2015 10th Joint Meeting on Foundations of Software Engineering},
pages = {357–368},
series = {ESEC/FSE 2015}
}

@inproceedings{Mirshokraie_2015,
  author={Mirshokraie, Shabnam and Mesbah, Ali and Pattabiraman, Karthik},
  booktitle={2015 IEEE 8th International Conference on Software Testing, Verification and Validation (ICST)}, 
  title={JSEFT: Automated Javascript Unit Test Generation}, 
  year={2015},
  pages={1-10}
}

@inproceedings{Selakovic_2016,
author = {Selakovic, Marija and Pradel, Michael},
title = {Performance issues and optimizations in JavaScript: an empirical study},
year = {2016},
booktitle = {Proceedings of the 38th International Conference on Software Engineering},
pages = {61–72},
series = {ICSE '16}
}

@inproceedings{Selakovic_2017,
author = {Selakovic, Marija and Glaser, Thomas and Pradel, Michael},
title = {An actionable performance profiler for optimizing the order of evaluations},
year = {2017},
pages = {170–180},
series = {ISSTA 2017}
}

@inproceedings{Chen_2019,
author = {Chen, Jie and Yu, Dongjin and Hu, Haiyang and Li, Zhongjin and Hu, Hua},
title = {Analyzing performance-aware code changes in software development process},
year = {2019},
publisher = {IEEE Press},
booktitle = {Proceedings of the 27th International Conference on Program Comprehension},
pages = {300–310},
series = {ICPC '19}
}

@inproceedings{Tufano_2019,
Author = {Tufano, Michele and Pantiuchina, Jevgenija and Watson, Cody and Bavota, Gabriele and Poshyvanyk, Denys},
title = {On Learning Meaningful Code Changes via Neural Machine Translation},
booktitle = {Proceedings of the 41st International Conference on Software Engineering},
series = {ICSE '19},
year = {2019}
}

@article{Husain_2019,
  title={{CodeSearchNet} challenge: Evaluating the state of semantic code search},
  author={Husain, Hamel and Wu, Ho-Hsiang and Gazit, Tiferet and Allamanis, Miltiadis and Brockschmidt, Marc},
  journal={arXiv preprint arXiv:1909.09436},
  year={2019}
}

@article{Sanchez_2020,
author={Sánchez, Ana B. and Delgado-Pérez, Pedro and Medina-Bulo, Inmaculada and Segura, Sergio},
journal={IEEE Access}, 
title={TANDEM: A Taxonomy and a Dataset of Real-World Performance Bugs}, 
year={2020},
volume={8},
pages={107214-107228}
}

@inproceedings{Saiki_2021,
author={Saiki, Kazuya and Ihara, Akinori},
booktitle={2021 IEEE 21st International Working Conference on Source Code Analysis and Manipulation (SCAM)}, 
title={Linkage of Similar Code Snippets Assessed in the Micro Benchmark Service jsPerf}, 
year={2021},
pages={247-251},
}

@article{Traini_2021,
author = {Traini, Luca and Di Pompeo, Daniele and Tucci, Michele and Lin, Bin and Scalabrino, Simone and Bavota, Gabriele and Lanza, Michele and Oliveto, Rocco and Cortellessa, Vittorio},
title = {How Software Refactoring Impacts Execution Time},
year = {2021},
publisher = {Association for Computing Machinery},
volume = {31},
number = {2},
journal = {ACM Trans. Softw. Eng. Methodol.},
articleno = {25},
}

@inproceedings{Tufano_2021,
author = {Tufano, Rosalia and Pascarella, Luca and Tufano, Michele and Poshyvanyk, Denys and Bavota, Gabriele},
title = {Towards Automating Code Review Activities},
year = {2021},
publisher = {IEEE Press},
booktitle = {Proceedings of the 43rd International Conference on Software Engineering},
pages = {163–174},
series = {ICSE '21}
}

@inproceedings{Zhang_2022,
author = {Zhang, Zejun and Xing, Zhenchang and Xia, Xin and Xu, Xiwei and Zhu, Liming},
title = {Making Python code idiomatic by automatic refactoring non-idiomatic Python code with pythonic idioms},
year = {2022},
publisher = {Association for Computing Machinery},
booktitle = {Proceedings of the 30th ACM Joint European Software Engineering Conference and Symposium on the Foundations of Software Engineering},
pages = {696–708},
series = {ESEC/FSE 2022}
}

@article{Sehgal_2022,
author = {Sehgal, Rajni and Mehrotra, Deepti and Nagpal, Renuka and Sharma, Ramanuj},
title = {Green software: Refactoring approach},
year = {2022},
publisher = {Elsevier Science Inc.},
volume = {34},
number = {7},
journal = {J. King Saud Univ. Comput. Inf. Sci.},
pages = {4635–4643}
}

@article{Alomar_2022,
author = {Alomar, Eman Abdullah and Wang, Tianjia and Raut, Vaibhavi and Mkaouer, Mohamed Wiem and Newman, Christian and Ouni, Ali},
title = {Refactoring for reuse: an empirical study},
year = {2022},
publisher = {Springer-Verlag},
volume = {18},
number = {1},
journal = {Innov. Syst. Softw. Eng.},
pages = {105–135}
}

@inproceedings{Shirafuji_2023,
author = {Shirafuji, Atsushi and Oda, Yusuke and Suzuki, Jun and Morishita, Makoto and Watanobe, Yutaka},
year = {2023},
pages = {151-160},
title = {Refactoring Programs Using Large Language Models with Few-Shot Examples},
}

@inproceedings{Wang_2023,
title = "{C}ode{T}5+: Open Code Large Language Models for Code Understanding and Generation",
author = "Wang, Yue and Le, Hung and Gotmare, Akhilesh and Bui, Nghi and Li, Junnan and Hoi, Steven",
editor = "Bouamor, Houda and Pino, Juan and Bali, Kalika",
booktitle = "Proceedings of the 2023 Conference on Empirical Methods in Natural Language Processing",
year = "2023",
publisher = "Association for Computational Linguistics",
pages = "1069-1088",
}

@inproceedings{Jin_2023,
author = {Jin, Matthew and Shahriar, Syed and Tufano, Michele and Shi, Xin and Lu, Shuai and Sundaresan, Neel and Svyatkovskiy, Alexey},
title = {InferFix: End-to-End Program Repair with LLMs},
year = {2023},
publisher = {Association for Computing Machinery},
booktitle = {Proceedings of the 31st ACM Joint European Software Engineering Conference and Symposium on the Foundations of Software Engineering},
pages = {1646–1656},
series = {ESEC/FSE 2023}
}

@inproceedings{Nong_2023,
author={Nong, Yu and Ou, Yuzhe and Pradel, Michael and Chen, Feng and Cai, Haipeng},
booktitle={2023 IEEE/ACM 45th International Conference on Software Engineering (ICSE)}, 
title={VULGEN: Realistic Vulnerability Generation Via Pattern Mining and Deep Learning}, 
year={2023},
pages={2527-2539}
}

@inproceedings{Ishizue_2024,
author = {Ishizue, Ryosuke and Sakamoto, Kazunori and Washizaki, Hironori and Fukazawa, Yoshiaki},
title = {Improved Program Repair Methods using Refactoring with GPT Models},
year = {2024},
booktitle = {Proceedings of the 55th ACM Technical Symposium on Computer Science Education V. 1},
pages = {569–575},
series = {SIGCSE 2024}
}


@inproceedings{Li_2022,
author = {Li, Yi and Wang, Shaohua and Nguyen, Tien N.},
title = {DEAR: a novel deep learning-based approach for automated program repair},
year = {2022},
publisher = {Association for Computing Machinery},
booktitle = {Proceedings of the 44th International Conference on Software Engineering},
pages = {511–523},
series = {ICSE '22}
}

@article{Lu_2021,
  author    = {Lu, Shuai and
               Guo, Daya and
               Ren, Shuo and
               Huang, Junjie and
               Svyatkovskiy, Alexey and
               Blanco, Ambrosio and
               Clement, Colin B. and
               Drain, Dawn and
               Jiang, Daxin and
               Tang, Duyu and
               Li, Ge and
               Zhou, Lidong and
               Shou, Linjun and
               Zhou, Long  and
               Tufano, Michele and
               Gong, Ming and
               Zhou, Ming and
               Duan, Nan and
               Sundaresan, Neel and
               Deng, Shao Kun and
               Fu, Shengyu and
               Liu, Shujie},
  title     = {CodeXGLUE: {A} Machine Learning Benchmark Dataset for Code Understanding
               and Generation},
  journal   = {CoRR},
  volume    = {abs/2102.04664},
  year      = {2021}
}

@Comment{jabref-meta: databaseType:bibtex;}