@inproceedings{HowFar,
author = {Kang, Hong Jin and Aw, Khai Loong and Lo, David},
title = {Detecting False Alarms from Automatic Static Analysis Tools: How Far Are We?},
year = {2022},
booktitle = {Proceedings of the 44th International Conference on Software Engineering (ICSE'22)},
pages = {698–709}
}

@inproceedings{shuseisarenai,
  title={Why don't software developers use static analysis tools to find bugs?},
  author={Johnson, Brittany and Song, Yoonki and Murphy-Hill, Emerson and Bowdidge, Robert},
  booktitle={Proceedings of the 35th International Conference on Software Engineering (ICSE'13)},
  pages={672--681},
  year={2013}
}

@inproceedings{JyuraiPre,
author = {Ruthruff, Joseph R. and Penix, John and Morgenthaler, J. David and Elbaum, Sebastian and Rothermel, Gregg},
title = {Predicting Accurate and Actionable Static Analysis Warnings: An Experimental Approach},
year = {2008},
booktitle = {Proceedings of the 30th International Conference on Software Engineering (ICSE'08)},
pages = {341–350}
}

@article{UsingStaticAnalysisTools1,
  title={How developers engage with static analysis tools in different contexts},
  author={Vassallo, Carmine and Panichella, Sebastiano and Palomba, Fabio and Proksch, Sebastian and Gall, Harald C and Zaidman, Andy},
  journal={Empirical Software Engineering},
  volume={25},
  pages={1419--1457},
  year={2020}
}

@inproceedings{UsingStaticAnalysisTools2,
  title={Analyzing the state of static analysis: A large-scale evaluation in open source software},
  author={Beller, Moritz and Bholanath, Radjino and McIntosh, Shane and Zaidman, Andy},
  booktitle={Proceedings of the 23rd International Conference on Software Analysis, Evolution, and Reengineering (SANER'16)},
  pages={470--481},
  year={2016}
}

@inproceedings{beizu,
author = {Kim, Hyunsu and Raghothaman, Mukund and Heo, Kihong},
title = {Learning Probabilistic Models for Static Analysis Alarms},
year = {2022},
booktitle = {Proceedings of the 44th International Conference on Software Engineering (ICSE'22)},
pages = {1282–1293},
}

@inproceedings{EffectsSAT,
author = {Trautsch, Alexander},
title = {Effects of Automated Static Analysis Tools: A Multidimensional View on Quality Evolution},
year = {2019},
booktitle = {Proceedings of the 41st International Conference on Software Engineering (ICSE'19)},
pages = {184–185},
}

@INPROCEEDINGS{Beller,
  author={Beller, Moritz and Bholanath, Radjino and McIntosh, Shane and Zaidman, Andy},
  booktitle={Proceedings of the 23rd International Conference on Software Analysis, Evolution, and Reengineering (SANER'16)}, 
  title={Analyzing the State of Static Analysis: A Large-Scale Evaluation in Open Source Software}, 
  year={2016}
}

@INPROCEEDINGS{Beller2,
  author={Beller, Moritz and Gousios, Georgios and Zaidman, Andy},
  booktitle={Proceedings of the 37th International Conference on Software Engineering (ICSE'15)}, 
  title={How (Much) Do Developers Test?}, 
  year={2015},
  pages={559-562}
}

@INPROCEEDINGS{Johnson,
  author={Johnson, Brittany and Song, Yoonki and Murphy-Hill, Emerson and Bowdidge, Robert},
  booktitle={Proceedings of the 35th International Conference on Software Engineering (ICSE'13)}, 
  title={Why don't software developers use static analysis tools to find bugs?}, 
  year={2013},
  pages={672-681}
}

@INPROCEEDINGS{Panichella,
  author={Panichella, Sebastiano and Arnaoudova, Venera and Di Penta, Massimiliano and Antoniol, Giuliano},
  booktitle={Proceedings of the 22nd International Conference on Software Analysis, Evolution, and Reengineering (SANER'15)}, 
  title={Would static analysis tools help developers with code reviews?}, 
  year={2015},
  pages={161-170},
}

@ARTICLE{Tabassum,
  author={Tabassum, Sadia and Minku, Leandro L. and Feng, Danyi},
  journal={IEEE Transactions on Software Engineering}, 
  title={Cross-Project Online Just-In-Time Software Defect Prediction}, 
  year={2023},
  volume={49},
  number={1},
  pages={268-287}
}

@inproceedings{Wang,
author = {Wang, Junjie and Wang, Song and Wang, Qing},
title = {Is There a ``Golde'' Feature Set for Static Warning Identification? An Experimental Evaluation},
year = {2018},
isbn = {9781450358231},
url = {https://doi.org/10.1145/3239235.3239523},
doi = {10.1145/3239235.3239523},
booktitle = {Proceedings of the 12th ACM/IEEE International Symposium on Empirical Software Engineering and Measurement (ESEM'18)},
articleno = {17},
numpages = {10},
keywords = {actionable warning identification, static analysis, experimental evaluation},
location = {Oulu, Finland},
}

@INPROCEEDINGS{Qing,
  author={Qing, Mingshuang and Feng, Xiang and Luo, Jun and Huang, Wanmin and Zhang, Jingui and Wang, Ping and Fan, Yong and Ge, Xiuting and Pan, Ya},
  booktitle={Proceedings of the 21st International Conference on Software Quality, Reliability and Security Companion (QRS-C'21)}, 
  title={A machine learning-based static analysis warning prioritization}, 
  year={2021},
  volume={},
  number={},
  pages={685-690},
  doi={10.1109/QRS-C55045.2021.00103}}

@inproceedings{Nguyen,
author = {Nguyen, Thu Trang and Maleehuan, Pattaravut and Aoki, Toshiaki and Tomita, Takashi and Yamada, Iori},
title = {Reducing False Positives of Static Analysis for SEI CERT C Coding Standard},
year = {2019},
publisher = {IEEE Press},
url = {https://doi.org/10.1109/CESSER-IP.2019.00015},
doi = {10.1109/CESSER-IP.2019.00015},
booktitle = {Proceedings of the Joint 7th International Workshop on Conducting Empirical Studies in Industry and 6th International Workshop on Software Engineering Research and Industrial Practice},
pages = {41–48},
numpages = {8},
keywords = {coding standard, SEI CERT C, static analysis, false positive},
location = {Montreal, Quebec, Canada},
}

@inproceedings{10.1145/2602087.2602101,
author = {Velicheti, Lakshmi Manohar Rao and Feiock, Dennis C. and Peiris, Manjula and Raje, Rajeev and Hill, James H.},
title = {Towards Modeling the Behavior of Static Code Analysis Tools},
year = {2014},
isbn = {9781450328128},
publisher = {Association for Computing Machinery},
address = {New York, NY, USA},
url = {https://doi.org/10.1145/2602087.2602101},
doi = {10.1145/2602087.2602101},
booktitle = {Proceedings of the 9th Annual Cyber and Information Security Research Conference},
pages = {17–20},
numpages = {4},
keywords = {static code analysis tools, behavior, evaluation},
location = {Oak Ridge, Tennessee, USA},
series = {CISR '14}
}

@article{nagura,
  title={コーディング規約違反メトリクスに基づきソフトウェア変更に対して不具合混入を予測する手法},
  author={名倉正剛 and 田口健介 and 高田眞吾},
  journal={情報処理学会論文誌},
  volume={61},
  number={4},
  pages={895--907},
  year={2020}
}

@article{ward,
  title={Hierarchical grouping to optimize an objective function},
  author={Ward Jr, Joe H},
  journal={Journal of the American statistical association},
  volume={58},
  number={301},
  pages={236--244},
  year={1963},
  publisher={Taylor \& Francis}
}

@inproceedings{mine,
  title={複数プロジェクト開発履歴を用いた修正を要する規約違反ソースコード予測の試み},
  author={亀岡令 and 伊原彰紀 and 大森楓己},
  booktitle={ソフトウェア工学の基礎ワークショップ論文集 第 30 回ソフトウェア工学の基礎ワークショップ (FOSE2022)},
  pages={129--134},
  year={2023},
  organization={一般社団法人 日本ソフトウェア科学会 ソフトウェア工学の基礎研究会}
}

@inproceedings{mine_live,
  title={複数プロジェクトにおけるソースコード特徴量の類似性に基づく規約違反ソースコード予測},
  author={亀岡令 and 伊原彰紀 and 大森楓己},
  booktitle={ソフトウェア工学の基礎ワークショップ論文集 第 30 回ソフトウェア工学の基礎ワークショップ (FOSE2022)},
  pages={205--206},
  year={2023},
  organization={一般社団法人 日本ソフトウェア科学会 ソフトウェア工学の基礎研究会}
}

@inproceedings{静的解析ツールの効果,
author = {Tornhill, Adam and Borg, Markus},
title = {Code red: the business impact of code quality - a quantitative study of 39 proprietary production codebases},
year = {2022},
isbn = {9781450393041},
publisher = {Association for Computing Machinery},
address = {New York, NY, USA},
url = {https://doi.org/10.1145/3524843.3528091},
doi = {10.1145/3524843.3528091},
booktitle = {Proceedings of the International Conference on Technical Debt},
pages = {11–20},
numpages = {10},
keywords = {technical debt, software defects, mining software repositories, developer productivity, code quality, business impact},
location = {Pittsburgh, Pennsylvania},
series = {TechDebt '22}
}