@inproceedings{qian-etal-2024-chatdev,
    author = "Qian, Chen  and
      Liu, Wei  and
      Liu, Hongzhang  and
      Chen, Nuo  and
      Dang, Yufan  and
      Li, Jiahao  and
      Yang, Cheng  and
      Chen, Weize  and
      Su, Yusheng  and
      Cong, Xin  and
      Xu, Juyuan  and
      Li, Dahai  and
      Liu, Zhiyuan  and
      Sun, Maosong",
    editor = "Ku, Lun-Wei  and
      Martins, Andre  and
      Srikumar, Vivek",
    title = "{C}hat{D}ev: Communicative Agents for Software Development",
    booktitle = "Proceedings of the 62nd Annual Meeting of the Association for Computational Linguistics (Volume 1: Long Papers)",
    address = "Bangkok, Thailand",
    publisher = "Association for Computational Linguistics",
    pages = "15174--15186",
    year = 2024
}

@techreport{IllusionApple,
    author       = {Shojaee, Parshin and Mirzadeh, Iman and Alizadeh, Keivan and Horton, Maxwell and Bengio, Samy and Farajtabar, Mehrdad},
    title        = {{The Illusion of Thinking: Understanding the Strengths and Limitations of Reasoning Models via the Lens of Problem Complexity}},
    institution  = {Apple Machine Learning Research},
    year         = 2025,
}
