% Encoding: UTF-8

@InProceedings{quality1,
  author    = {Bacchelli, Alberto and Bird, Christian},
  booktitle = {Proceedings of the International Conference on Software Engineering (ICSE '13)},
  title     = {Expectations, Outcomes, and Challenges of Modern Code Review},
  year      = {2013},
  pages     = {712–721},
  yomi     = {Bacchelli},
}

@InProceedings{quality2,
  author    = {McIntosh, Shane and Kamei, Yasutaka and Adams, Bram and Hassan, Ahmed E.},
  booktitle = {Proceedings of the 11th Working Conference on Mining Software Repositories (MSR '14)},
  title     = {The Impact of Code Review Coverage and Code Review Participation on Software Quality: A Case Study of the Qt, VTK, and ITK Projects},
  year      = {2014},
  pages     = {192–201},
  yomi     = {McIntosh},
}

@InProceedings{prioritizer,
  author    = {van der Veen, Erik and Gousios, Georgios and Zaidman, Andy},
  booktitle = {Proceedings of the 12th Working Conference on Mining Software Repositories (MSR '15)},
  title     = {Automatically Prioritizing Pull Requests},
  year      = {2015},
  pages     = {357–361},
  yomi     = {Veen},
}

@InProceedings{review1,
  author    = {Bosu, Amiangshu and Carver, Jeffrey C.},
  booktitle = {Proceedings of the 8th ACM/IEEE International Symposium on Empirical Software Engineering and Measurement (ESEM '14)},
  title     = {Impact of Developer Reputation on Code Review Outcomes in OSS Projects: An Empirical Investigation},
  year      = {2014},
  yomi     = {Bosu},
}

@inproceedings{review2,
author = {Rigby, Peter C. and Bird, Christian},
booktitle = {Proceedings of the 2013 9th Joint Meeting on Foundations of Software Engineering (ESEC/FSE '13)},
title = {Convergent contemporary software peer review practices},
year = {2013},
pages = {202–212},
yomi = {Rigby},
}

@InProceedings{diff,
  author    = {Wei\ss{}gerber, Peter and Neu, Daniel and Diehl, Stephan},
  booktitle = {Proceedings of the 2008 International Working Conference on Mining Software Repositories (MSR '08)},
  title     = {Small Patches Get In!},
  year      = {2008},
  pages     = {67–76},
  yomi     = {Wei\ss{}gerber},
}

@inproceedings{bug,
author = {Śliwerski, Jacek and Zimmermann, Thomas and Zeller, Andreas},
booktitle = {Proceedings of the 2005 International Workshop on Mining Software Repositories (MSR '05)},
title = {When do changes induce fixes?},
year = {2005},
pages = {1–5},
yomi = {Śliwerski},
}


@inproceedings{refactoring,
author = {AlOmar, Eman Abdullah and Mkaouer, Mohamed Wiem and Ouni, Ali},
booktitle = {Proceedings of the 3rd International Workshop on Refactoring (IWoR '19)},
title = {Can refactoring be self-affirmed? an exploratory study on how developers document their refactoring activities in commit messages},
year = {2019},
pages = {51–58},
yomi = {AlOmar},
}

@inproceedings{release_merge,
author = {Kononenko, Oleksii and Rose, Tresa and Baysal, Olga and Godfrey, Michael and Theisen, Dennis and de Water, Bart},
booktitle = {Proceedings of the 40th International Conference on Software Engineering: Software Engineering in Practice (ICSE-SEIP '18)},
title = {Studying pull request merges: a case study of shopify's active merchant},
year = {2018},
pages = {124–133},
yomi = {Kononenko},
}

@inproceedings{integrator,
author = {Gousios, Georgios and Zaidman, Andy and Storey, Margaret-Anne and van Deursen, Arie},
booktitle = {Proceedings of the 37th International Conference on Software Engineering - Volume 1 (ICSE '15)},
title = {Work practices and challenges in pull-based development: the integrator's perspective},
year = {2015},
pages = {358–368},
yomi = {Gousios},
}

@inproceedings{review_prioritize_pineapple,
author = {Saini, Nishrith and Britto, Ricardo},
booktitle = {Proceedings of the 43rd International Conference on Software Engineering: Software Engineering in Practice (ICSE-SEIP '21)},
title = {Using machine intelligence to prioritise code review requests},
year = {2021},
pages = {11–20},
yomi = {Saini},
}

@inproceedings{prioritize_azeem,
author = {Azeem, Muhammad Ilyas and Panichella, Sebastiano and Di Sorbo, Andrea and Serebrenik, Alexander and Wang, Qing},
booktitle = {Proceedings of the International Conference on Software and System Processes（ICSSP '20）},
title = {Action-based Recommendation in Pull-request Development},
year = {2020},
pages = {115–124},
yomi = {Azeem},
}

@inproceedings{estimate_merge_time,
author = {Maddila, Chandra and Bansal, Chetan and Nagappan, Nachiappan},
booktitle = {Proceedings of the 2019 27th ACM Joint Meeting on European Software Engineering Conference and Symposium on the Foundations of Software Engineering（ESEC/FSE '19）},
title = {Predicting pull request completion time: a case study on large scale cloud services},
year = {2019},
pages = {874–882},
yomi = {Maddila},
}

@inproceedings{domain1,
author = {Glorot, Xavier and Bordes, Antoine and Bengio, Yoshua},
booktitle = {Proceedings of the 28th International Conference on International Conference on Machine Learning (ICML '11)},
title = {Domain adaptation for large-scale sentiment classification: a deep learning approach},
year = {2011},
pages = {513–520},
yomi = {Glorot},
}

@inproceedings{shap,
author = {Lundberg, Scott M. and Lee, Su-In},
booktitle = {Proceedings of the 31st International Conference on Neural Information Processing Systems (NIPS '17) },
title = {A unified approach to interpreting model predictions},
year = {2017},
pages = {4768–4777},
yomi = {Lundberg},
}

@article{TreeSHAP,
author={Scott M. Lundberg and Gabriel G. Erion and Hugh Chen and Alex DeGrave and Jordan M. Prutkin and Bala Nair and Ronit Katz and Jonathan Himmelfarb and Nisha Bansal and Su-In Lee},
journal={Nature Machine Intelligence},
title={Explainable AI for Trees: From Local Explanations to Global Understanding},
year={2020},
volume={2},
pages={56-67},
yomi={Scott}
}

@article{randomforest,
author = {Breiman, Leo},
journal = {Mach. Learn.},
title = {Random Forests},
year = {2001},
volume = {45},
number = {1},
pages = {5–32},
yomi = {Breiman},
}

@article{cost,
author = {Abdel-Hamid, Tarek K.},
journal = {MIS Q.},
title = {The economics of software quality assurance: a simulation-based case study},
year = {1988},
volume = {12},
number = {3},
pages = {395–411},
yomi = {Abdel-Hamid},
}

@article{domain2,
author = {Cai, Ruichu and Wu, Fengzhu and Li, Zijian and Wei, Pengfei and Yi, Lingling and Zhang, Kun},
journal = {ACM Trans. Knowl. Discov. Data},
title = {Graph Domain Adaptation: A Generative View},
year = {2024},
volume = {18},
number = {3},
pages = {1–24},
yomi = {Cai},
}

@article{prioritize_fan,
author = {Fan, Yuanrui and Xia, Xin and Lo, David and Li, Shanping},
journal = {Empirical Softw. Engg.},
title = {Early prediction of merged code changes to prioritize reviewing tasks},
year = {2018},
volume = {23},
number = {6},
pages = {3346–3393},
yomi = {Fan},
}

@Comment{jabref-meta: databaseType:bibtex;}